% Encoding: UTF-8

@inproceedings{Reynolds2002,
 author = {Reynolds, John C.},
 title = {Separation Logic: A Logic for Shared Mutable Data Structures},
 booktitle = {Proceedings of the 17th Annual IEEE Symposium on Logic in Computer Science},
 series = {LICS '02},
 year = {2002},
 pages = {55--74}
} 

@inproceedings{BerdineCalcagnoO'Hearn2004,
 author = {Berdine, Josh and Calcagno, Cristiano and O'Hearn, Peter W.},
 title = {A Decidable Fragment of Separation Logic},
 booktitle = {Proceedings of the 24th International Conference on Foundations of Software Technology and Theoretical Computer Science},
 series = {FSTTCS'04},
 year = {2004},
 pages = {97--109}
} 

@inproceedings{BrotherstonFuhsPerez2014,
 author = {Brotherston, James and Fuhs, Carsten and P{\'e}rez, Juan A. Navarro and Gorogiannis, Nikos},
 title = {A Decision Procedure for Satisfiability in Separation Logic with Inductive Predicates},
 booktitle = {Proceedings of the Joint Meeting of the Twenty-Third EACSL Annual Conference on Computer Science Logic (CSL) and the Twenty-Ninth Annual ACM/IEEE Symposium on Logic in Computer Science (LICS)},
 series = {CSL-LICS '14},
 year = {2014},
 pages = {25:1--25:10}
} 

@InProceedings{PerezRybalchenko2013,
author="P{\'e}rez, Juan Antonio Navarro
and Rybalchenko, Andrey",
title="Separation Logic Modulo Theories",
booktitle="Programming Languages and Systems (APLAS)",
year="2013",
publisher="Springer International Publishing",
address="Cham",
pages="90--106"
}

@inproceedings{HoderBjornerDeMoura2011,
 author = {Hoder, Kry\v{s}tof and Bj{\o}rner, Nikolaj and De Moura, Leonardo},
 title = {{\$\mu\$}Z: An Efficient Engine for Fixed Points with Constraints},
 booktitle = {Proceedings of the 23rd International Conference on Computer Aided Verification},
 series = {CAV'11},
 year = {2011},
 pages = {457--462}
}

@InProceedings{LeTatsutaSun2017,
author="Le, Quang Loc
and Tatsuta, Makoto
and Sun, Jun
and Chin, Wei-Ngan",
title="A Decidable Fragment in Separation Logic with Inductive Predicates and Arithmetic",
booktitle="Computer Aided Verification",
year="2017"
}

@InProceedings{LeSunChin2016,
author={Le, Quang Loc
and Sun, Jun
and Chin, Wei-Ngan},
title={Satisfiability Modulo Heap-Based Programs},
booktitle={Computer Aided Verification},
year={2016},
pages={382--404}
}

@InProceedings{ReynoldsIosifSerban2017,
author="Reynolds, Andrew
and Iosif, Radu
and Serban, Cristina",
editor="Bouajjani, Ahmed
and Monniaux, David",
title="Reasoning in the Bernays-Sch{\"o}nfinkel-Ramsey Fragment of Separation Logic",
booktitle="Verification, Model Checking, and Abstract Interpretation",
year="2017",
pages="462--482"
}

@inproceedings{IosifRogalewiczSimacek2013,
 author = {Iosif, Radu and Rogalewicz, Adam and Simacek, Jiri},
 title = {The Tree Width of Separation Logic with Recursive Definitions},
 booktitle = {Proceedings of the 24th International Conference on Automated Deduction},
 series = {CADE'13},
 year = {2013},
 pages = {21--38}
} 

@inproceedings{MadhusudanParlatoQiu2011,
 author = {Madhusudan, P. and Parlato, Gennaro and Qiu, Xiaokang},
 title = {Decidable Logics Combining Heap Structures and Data},
 booktitle = {Proceedings of the 38th Annual ACM SIGPLAN-SIGACT Symposium on Principles of Programming Languages},
 series = {POPL '11},
 year = {2011},
 pages = {611--622}
} 

@INPROCEEDINGS{ChinDavidNguyen2007, 
author={W. N. Chin and C. David and H. H. Nguyen and S. Qin}, 
booktitle={12th IEEE International Conference on Engineering Complex Computer Systems (ICECCS 2007)}, 
title={Automated Verification of Shape, Size and Bag Properties}, 
year={2007}, 
volume={}, 
number={}, 
pages={307-320}
}

@inproceedings{PiskacWiesZufferey2014,
 author = {Piskac, Ruzica and Wies, Thomas and Zufferey, Damien},
 title = {Automating Separation Logic with Trees and Data},
 booktitle = {Proceedings of the 16th International Conference on Computer Aided Verification - Volume 8559},
 year = {2014},
 pages = {711--728}
} 


@inproceedings{CookHaaseChristoph2011,
 author = {Cook, Byron and Haase, Christoph and Ouaknine, Jo\"{e}l and Parkinson, Matthew and Worrell, James},
 title = {Tractable Reasoning in a Fragment of Separation Logic},
 booktitle = {Proceedings of the 22Nd International Conference on Concurrency Theory},
 series = {CONCUR'11},
 year = {2011},
 pages = {235--249}
} 

@inproceedings{PerezAntonioRybalchenko2011,
 author = {Navarro P{\'e}rez, Juan Antonio and Rybalchenko, Andrey},
 title = {Separation Logic + Superposition Calculus = Heap Theorem Prover},
 booktitle = {Proceedings of the 32Nd ACM SIGPLAN Conference on Programming Language Design and Implementation},
 series = {PLDI '11},
 year = {2011},
 pages = {556--566}
} 

@inproceedings{BerdineCalcagnoO'Hearn2005,
 author = {Berdine, Josh and Calcagno, Cristiano and O'Hearn, Peter W.},
 title = {Symbolic Execution with Separation Logic},
 booktitle = {Proceedings of the Third Asian Conference on Programming Languages and Systems},
 series = {APLAS'05},
 year = {2005},
 pages = {52--68}
} 

@InProceedings{PiskacWiesZufferey2014Tool,
author="Piskac, Ruzica
and Wies, Thomas
and Zufferey, Damien",
title="GRASShopper",
booktitle="Tools and Algorithms for the Construction and Analysis of Systems",
year="2014",
pages="124--139"
}

@inproceedings{QiuGargStefanescu2013,
 author = {Qiu, Xiaokang and Garg, Pranav and \c{S}tef\u{a}nescu, Andrei and Madhusudan, Parthasarathy},
 title = {Natural Proofs for Structure, Data, and Separation},
 booktitle = {Proceedings of the 34th ACM SIGPLAN Conference on Programming Language Design and Implementation},
 series = {PLDI '13},
 year = {2013},
 pages = {231--242}
} 

@InProceedings{BouajjaniDruagoiEnea2009,
author="Bouajjani, Ahmed
and Dr{\u{a}}goi, Cezara
and Enea, Constantin
and Sighireanu, Mihaela",
title="A Logic-Based Framework for Reasoning about Composite Data Structures",
booktitle="CONCUR 2009 - Concurrency Theory",
year="2009",
pages="178--195"
}

@inproceedings{BAPA,
 author = {Kuncak, Viktor and Nguyen, Huu Hai and Rinard, Martin},
 title = {An Algorithm for Deciding BAPA: Boolean Algebra with Presburger Arithmetic},
 booktitle = {Proceedings of the 20th International Conference on Automated Deduction},
 series = {CADE' 20},
 year = {2005},
 pages = {260--277}
} 

@inproceedings{BAPA2,
 author = {Kuncak, Viktor and Rinard, Martin},
 title = {Towards Efficient Satisfiability Checking for Boolean Algebra with Presburger Arithmetic},
 booktitle = {Proceedings of the 21st International Conference on Automated Deduction: Automated Deduction},
 series = {CADE-21},
 year = {2007},
 pages = {215--230}
} 

@Comment{jabref-meta: databaseType:bibtex;}
